<?xml version="1.0" encoding="UTF-8"?><record xmlns="http://www.loc.gov/MARC21/slim" xmlns:cinclude="http://apache.org/cocoon/include/1.0" xmlns:zs="http://www.loc.gov/zing/srw/">
  <leader>00518cz  a2200145n  4500</leader>
  <controlfield tag="001">n 2005054566</controlfield>
  <controlfield tag="003">DLC</controlfield>
  <controlfield tag="005">20090810074940.0</controlfield>
  <controlfield tag="008">050725n| acannaabn          |n aaa      </controlfield>
  <datafield tag="010" ind1=" " ind2=" ">
    <subfield code="a">n 2005054566</subfield>
  </datafield>
  <datafield tag="035" ind1=" " ind2=" ">
    <subfield code="a">(OCoLC)oca06689783</subfield>
  </datafield>
  <datafield tag="040" ind1=" " ind2=" ">
    <subfield code="a">DLC</subfield>
    <subfield code="b">eng</subfield>
    <subfield code="c">DLC</subfield>
    <subfield code="d">OCoLC</subfield>
  </datafield>
  <datafield tag="100" ind1="1" ind2=" ">
    <subfield code="a">Blacher, Boris,</subfield>
    <subfield code="d">1903-1975.</subfield>
    <subfield code="t">Aprèslude</subfield>
  </datafield>
  <datafield tag="670" ind1=" " ind2=" ">
    <subfield code="a">Aufbruch des 20. Jahrhunderts im Lied, p1975:</subfield>
    <subfield code="b">label (Aprèslude, op. 57)</subfield>
  </datafield>
  <datafield tag="670" ind1=" " ind2=" ">
    <subfield code="a">New Grove online, July 25, 2005</subfield>
    <subfield code="b">(Aprs̈lude (G. Benn), 4 songs, Mez/Bar, pf, 1958; Berlin, 4 Dec 1958)</subfield>
  </datafield>
</record>